@preamble{ "\newcommand{\noopsort}[1]{} "
	# "\newcommand{\printfirst}[2]{#1} "
	# "\newcommand{\singleletter}[1]{#1} "
	# "\newcommand{\switchargs}[2]{#2#1} " }

%1 - smores2012 - Emulating Self-reconfigurable Robots - Design of the SMORES System
%2 - werfel2006 - Extended Stigmergy in Collective Construction 
%3 -  
%4 - 
%5 - 
%6 - 









%References in __________ 
%1. Yoshida-RAM02 - existing (very early japanese work)
%2. Chirikjian-ICRA94 - existing (very early Chirikjain)
%3. Gilpin-RAM10 - existing (Rus+Gilpin - various DRL robot systems)
%4. FitchRus-IROS03 - existing ( Sliding Cube Model - Rus)
%5. Suh-ICRA02 - existing (Telecubes)
%6. Vona-IROS00 - existing ( Rus - Crystal Robots)
%7. WhiteYim-IJRR10 - existing (Pivoting externally actuated Yim/white)
%8. Kotay-IROS98 - existing (Motion sysnthisis for Robot-Molecule)
%9. White-RSS05 - existing (3-d Stochastic Robots)
%10. Yim-RAM07 - existing ((2007 SRMR  article)
%11. An-ICRA08 - existing (Kwon, EM-Cube
%12. Gilpin-ICRA10 - existing (Robot pebbles)
%13. Kirby-IROS07 - existing (Circular catoms)
%14. DRL-crystal - ADDED BY JOHNROM 3/17/2013 (Planning for crystal robots)
%15. Meng-ICRA11 - existing - (Cross ball robots)
%16. chirik2009simple - ADDED BY JOHNROM 3/17/2013 (Random connector yadda yadda yadda)
%17. kurokawaCMG - ADDED BY JOHNROM 3/17/2013 (Intro to CMG + Reaction Wheels)
%18. windup - ADDED BY JOHNROM 3/17/2013 (CMG in an application)
%19. marchese2012 - ADDED BY JOHNROM 3/17/2013 - (Boeing inner + outer Robots)
%20. Murata-ICRA94 - existing - (pivoting very old japanese robot)
%----------------------------------------
%-----------------Added by johnrom in 2014-September-----------------

%  solder - new connector plate from Hod's Lab --- lots of great material
% romanishin2013m - Our paper about the M-Blocks
% ubot - new interesting modular self-reconfigurable robot...
% ubot2 - one more paper describing algorithms
% germanswarm - awesome but complicated modular robot
% harvard1000 - science - harvards 1000 robot swarm
% roombots3 - complaint elements in moving robots?
% roombots4 - moving around passive elements
% reconfig - more 2d lattice recongifuration
% wireless - Fitch investigation of multiple wireless modules
% surveyyim - Survey of modular robots 2009
% flywheel_rover - cool 3 axis rover to explore planets
% connector - random connector u-Nebraska
% rover2 - second paper ICRA about the 3 axis rover
% cuboctahedron - crazy shape from shuguang
%rover3 - third paper about 3axis reaction wheel rover
%----------------------------------------
@article{rover3,
  title={Contact Dynamics of Internally-Actuated Platforms for the Exploration of Small Solar System Bodies},
  author={Reid, Robert G and Roveda, Loris and Nesnas, Issa AD and Pavone, Marco}
}

@inproceedings{cuboctahedron,
  title={A cuboctahedron module for a reconfigurable robot},
  author={Li, Shuguang and Yuan, Jianping and Nigl, Franz and Lipson, Hod},
  booktitle={Intelligent Robots and Systems (IROS), 2010 IEEE/RSJ International Conference on},
  pages={535--541},
  year={2010},
  organization={IEEE}
}

@article{rover2,
  title={A Dynamical Characterization of Internally-Actuated Microgravity Mobility Systems},
  author={Koenig, Adam W and Pavone, Marco and Castillo-Rogez, Julie C and Nesnas, Issa AD}
}
@inproceedings{connector,
  title={RoGenSiD: A Rotary Plate Genderless Single-Sided Docking Mechanism for Modular Self-Reconfigurable Robots},
  author={Hossain, SGM and Nelson, Carl A and Dasgupta, Prithviraj},
  booktitle={ASME 2013 International Design Engineering Technical Conferences and Computers and Information in Engineering Conference},
  pages={V06BT07A011--V06BT07A011},
  year={2013},
  organization={American Society of Mechanical Engineers}
}

@inproceedings{flywheel_rover,
  title={Internally-actuated rovers for all-access surface mobility: Theory and experimentation},
  author={Allen, Ross and Pavone, Marco and McQuin, Christopher and Nesnas, Issa AD and Castillo-Rogez, Julie C and Nguyen, Tam-Nguyen and Hoffman, Jeffrey A},
  booktitle={Robotics and Automation (ICRA), 2013 IEEE International Conference on},
  pages={5481--5488},
  year={2013},
  organization={IEEE}
}

@incollection{surveyyim,
  title={Modular Self-Reconfigurable Robots},
  author={Yim, Mark and White, Paul and Park, Michael and Sastra, Jimmy},
  booktitle={Encyclopedia of complexity and systems science},
  pages={5618--5631},
  year={2009},
  publisher={Springer}
}

@article{wireless,
  title={Scalable multi-radio communication in modular robots},
  author={Kuo, V and Fitch, R},
  journal={Robotics and Autonomous Systems},
  volume={62},
  number={7},
  pages={1034--1046},
  year={2014},
  publisher={Elsevier}
}
@article{reconfig,
  title={Efficient reconfiguration of lattice-based modular robots},
  author={Aloupis, Greg and Benbernou, Nadia and Damian, Mirela and Demaine, Erik D and Flatland, Robin and Iacono, John and Wuhrer, Stefanie},
  journal={Computational Geometry},
  volume={46},
  number={8},
  pages={917--928},
  year={2013},
  publisher={Elsevier}
}

@inproceedings{roombots5,
  title={Collaborative manipulation and transport of passive pieces using the self-reconfigurable modular robots roombots},
  author={Bonardi, St{\'e}phane and Vespignani, Massimo and Moeckel, Rico and Ijspeert, Auke Jan},
  booktitle={Intelligent Robots and Systems (IROS), 2013 IEEE/RSJ International Conference on},
  pages={2406--2412},
  year={2013},
  organization={Ieee}
}


@inproceedings{roombots3,
  title={An experimental study on the role of compliant elements on the locomotion of the self-reconfigurable modular robots Roombots},
  author={Vespignani, Massimo and Senft, Emmanuel and Bonardi, St{\'e}phane and Moeckel, Rico and Ijspeert, Auke J},
  booktitle={Intelligent Robots and Systems (IROS), 2013 IEEE/RSJ International Conference on},
  pages={4308--4313},
  year={2013},
  organization={Ieee}
}

@article{harvard1000,
  title={Programmable self-assembly in a thousand-robot swarm},
  author={Rubenstein, Michael and Cornejo, Alejandro and Nagpal, Radhika},
  journal={Science},
  volume={345},
  number={6198},
  pages={795--799},
  year={2014},
  publisher={American Association for the Advancement of Science}
}

@article{germanswarm,
  title={Reconfigurable swarm robots produce self-assembling and self-repairing organisms},
  author={Levi, Paul and Meister, Eugen and Schlachter, Florian},
  journal={Robotics and Autonomous Systems},
  volume={62},
  pages={1371--1376},
  year={2014},
  publisher={Elsevier}
}

@article{ubot2,
  title={A Simplified Approach to Realize Cellular Automata for UBot Modular Self-Reconfigurable Robots},
  author={Zhu, Yanhe and Bie, Dongyang and Iqbal, Sajid and Wang, Xiaolu and Gao, Yongsheng and Zhao, Jie},
  journal={Journal of Intelligent \& Robotic Systems},
  pages={1--18},
  year={2014},
  publisher={Springer}
}

@inproceedings{ubot,
  title={Design and implementation of UBot: A modular Self-Reconfigurable Robot},
  author={Zhu, Yanhe and Zhao, Jie and Cui, Xindan and Wang, Xiaolu and Tang, Shufeng and Zhang, Xueyuan and Yin, Jingchun},
  booktitle={Mechatronics and Automation (ICMA), 2013 IEEE International Conference on},
  pages={1217--1222},
  year={2013},
  organization={IEEE}
}

@article{NeubertLipson-TR2014,
  title={Self-Soldering Connectors for Modular Robots},
  author={Jonas Neubert and Arne Rost and Hod Lipson},
  journal={Transaction of Robotics},
  publisher={IEEE},
  year={2014},
  volume={PP},
  number={99},
  pages={1-14}
}

@inproceedings{RomanishinRus-IROS13,
  title={M-Blocks: Momentum-driven, Magnetic Modular Robots},
  author={Romanishin, John W and Gilpin, Kyle and Rus, Daniela},
  booktitle={Intelligent Robots and Systems (IROS), 2013 IEEE/RSJ International Conference on},
  pages={4288--4295},
  year={2013},
  organization={IEEE}
}

@InProceedings{Shen-ROBIO12,
  author= {Teawon Han and Nadeesha Ranasinghe and Luenin Barrios and Wei-Min Shen},
  title	= {An Online Gait Adaptation with SuperBot in Sloped Terrains},
  booktitle = {International Conference on Robotics and Biomimetics (ROBIO)},
  month = {December},
  year = {2012},
}

----------------------------------------
-----------------Marchese Magnetically bound robots-----------------
----------------------------------------

@inproceedings{marchese2012,
  title={Controlling the locomotion of a separated inner robot from an outer robot using electropermanent magnets},
  author={Marchese, Andrew D and Asada, Harry and Rus, Daniela},
  booktitle={Robotics and Automation (ICRA), 2012 IEEE International Conference on},
  pages={3763--3770},
  year={2012},
  organization={IEEE}
}
----------------------------------------
-----------------wind-up AUV's-----------------
----------------------------------------

@inproceedings{windup,
  title={Wind-up AUVs: Combined energy storage and attitude control using control moment gyros},
  author={Thornton, Blair and Ura, Tamaki and Nose, Yoshiaki},
  booktitle={OCEANS},
  pages={1-9},
  year={2007},
}
----------------------------------------
-----------------Gimbal CMG's------------------
----------------------------------------

@article{kurokawaCMG,
  title={A geometric study of single gimbal control moment gyros},
  author={Kurokawa, Haruhisa},
  journal={Report of Mechanical Engineering Laboratory},
  volume={175},
  pages={135--138},
  year={1998}
}
----------------------------------------
-----------------Random connector things from Chirikjian------------------
----------------------------------------

@inproceedings{chirik2009simple,
  title={Simple components for a reconfigurable modular robotic system},
  author={Moses, Matthew S and Chirikjian, Gregory S},
  booktitle={Intelligent Robots and Systems, 2009. IROS 2009. IEEE/RSJ International Conference on},
  pages={1478--1483},
  year={2009},
  organization={IEEE}
}
----------------------------------------
-----------------BenBernou PHD thesis w/ Prof. Erik D------------------
----------------------------------------

@phdthesis{Benbernou-PhD11,
  title={Geometric algorithms for reconfigurable structures},
  author={Benbernou, Nadia M},
  year={2011},
  school={Massachusetts Institute of Technology}
}


----------------------------------------
-----------------SMORES------------------
----------------------------------------
 %booktitle={IEEE/RSJ International Conference on Intelligent Robots and Systems (IROS)}, 
%month={October 7-12}, 
@InProceedings{Davey-IROS12,
 title={Emulating Self-reconfigurable Robots - Design of the SMORES System}, 
 author={J. Davey and N. Kwok and M. Yim}, 
 booktitle={Intelligent Robots and Systems}, 
 year={2012}, 
 pages={4464-4469}
}

@inproceedings{DRL-crystal,
  title={Distributed motion planning for modular robots with unit-compressible modules},
  author={Butler, Zack and Byrnes, Sean and Rus, Daniela},
  booktitle={Intelligent Robots and Systems, 2001. Proceedings. 2001 IEEE/RSJ International Conference on},
  volume={2},
  pages={790--796},
  year={2001},
  organization={IEEE}
}

----------------------------------------
-----------------Cubli------------------
----------------------------------------

@INPROCEEDINGS{Cubli, 
  author={Gajamohan, M. and Merz, M. and Thommen, I. and D''Andrea, R.}, 
  booktitle={Intelligent Robots and Systems}, 
  title={The Cubli: A cube that can jump up and balance}, 
  year={October}, 
  pages={3722-3727}, 
  doi={10.1109/IROS.2012.6385896}, 
  ISSN={2153-0858}
}


%----------------------------------------
%-----------------End Added by johnrom-----------------
%----------------------------------------
----------------------------------------
@Article{Yim-RAM07,
  author = {M. Yim and W.M. Shen and B. Salemi and D. Rus and M. Moll and H. Lipson and E. Klavins and G. S. Chirikjian},
  title = {\href{http://dx.doi.org/10.1109/MRA.2007.339623}{Modular Self-Reconfigurable Robot Systems: Challenges and Opportunities for the Future}},
  journal = {Robotics and Automation Magazine},
  year = {2007},
  volume = {14},
  number = {1},
  pages = {43-52}
}


@Article{Griffith-Nature05,
  author = {Saul Griffith and Dan Goldwater and Joseph M. Jacobson},
  title = {\href{http://dx.doi.org/10.1038/437636a}{Self-replication from random parts}},
  journal = {Nature},
  year = {2005},
  month = {Sept 28},
  volume = {437},
  pages = {636}
}

@InProceedings{Butera-SASO07,
  author = {William Butera},
  title = {Text Display and Graphics Control on a Paintable Computer},
  booktitle = {Self-Adaptive and Self-Organizing Systems},
  year = {2007},
  month = {July},
  pages = {45-54}
}

----------------------------------------
-----------------CEBOT------------------
----------------------------------------
@InProceedings{Fukuda-ICRA88,
  author = {Toshio Fukuda and Seiya Nakagawa},
  title = {Dynamically Reconfigurable Robotic System},
  booktitle = {IEEE International Conference on Robotics and Automation},
  year = {1988},
  month = {April},
  pages = {1581-1586},
  location = {Philadelphia, USA}
}

@InProceedings{Fukuda-IR88,
  author = {Toshio Fukuda and Seiya Nakagawa and Yoshio Kawauchi and Martin Buss},
  title = {Self Organizaing Robots Based on Cell Structures - CEBOT},
  booktitle = {IEEE International Workshop on Intelligent Robots},
  year = {1988},
  month = {October},
  pages = {145-150}
}

@InProceedings{Fukuda-IROS89,
  author = {Toshio Fukuda and Yoshio Kawauchi and Martin Buss},
  title = {Communiction Method of Cellular Robotics CEBOT as a Selforganizing Robot System},
  booktitle = {IEEE/RSJ International Workshop on Intelligent Robots and Systems},
  year = {1989},
  month = {September},
  pages = {291-296},
  location = {Tsukuba, Japan}
}

----------------------------------------
---------------Polypod------------------
----------------------------------------
@InProceedings{Yim-ICAM93,
  author = {Mark Yim},
  title = {A Reconfigurable Modular Robot with Many Modes of Locomotion},
  booktitle = {JSME International Conference on Advanced Mechatronics},
  year = {1993},
  pages = {283-288}
}

@InProceedings{Yim-ICRA94,
  author = {Mark Yim},
  title = {New Locomotion Gaits},
  booktitle = {International Conference on Robotics and Automation},
  year = {1994},
  pages = {2508-2514}
}

----------------------------------------
---------Stochastic Fluid Cubes---------
----------------------------------------
@InProceedings{White-ICRA04,
  author = {Paul White and Kris Kopanski and Hod Lipson},
  title = {Stochastic Self-Reconfigurable Cellular Robotics},
  booktitle = {International Conference on Robotics and Automation},
  year = {2004},
  month = {April},
  pages = {2888-2893}
}

@InProceedings{White-RSS05,
  author = {P. White and V. Zykov and J. Bongard and H. Lipson},
  title = {\href{http://www.roboticsproceedings.org/rss01/p22.html}{Three Dimensional Stochastic Reconfiguration of Modular Robots}},
  booktitle = {RSS},
  year = {2005},
  month = {June},
  location = {Cambridge, USA},
  pages = {161-168}
}

@InProceedings{Tolley-ICRA10,
  author = {M. T. Tolley and H. Lipson},
  title = {Fluidic Manipulation for Scalable Stochastic 3D Assembly of Modular Robots},
  booktitle = {International Conference on Robotics and Automation},
  year = {2010},
  month = {May},
  pages = {2473-2478},
  location = {Anchorage, AK}
}

@Article{Tolley-TR10,
  author = {M. T. Tolley and M. Kalontarov and J. Neubert and D. Erickson and H. Lipson}, 
  title = {\href{http://dx.doi.org/10.1109/TRO.2010.2047299}{Stochastic Modular Robotic Systems: A Study of Fluidic Assembly Strategies}},
  journal = {Trans. on Robotics},
  volume = {26},
  number = {3},
  year = {2010},
  month = {June},
  pages = {518-530}
}
  
@InProceedings{Tolley-IROS09,
  author = {Michael Tolley and J Hiller and Hod Lipson},
  title = {Evolutionary Design and Assembly Planning for Stochastic Modular Robots},
  booktitle = {Intelligent Robots and Systems},
  year = {2009},
  month = {October},
  pages = {73-78}
}

---------------------------------------

@InProceedings{Mytilinaios,
  author = {Efstathios Mytilinaios and David Marcus and Mark Desnoyer and Hod Lipson},
  title = {Designed and Evolved Blueprints For Physical Self--Replicating Machines},
  booktitle = {Ninth International Conference on Artificial Life (ALIFE IX)},
  year = {2004},
  pages = {15-20}
}

---------------------------------
------------PolyBot--------------
---------------------------------
@InProceedings{Yim-ICRA00,
  author = {Mark Yim and David G. Duff and Kimon D Roufas},
  title = {PolyBot: a Modular Reconfigurable Robot},
  booktitle = {IEEE International Conference on Robotics and Automation (ICRA)},
  year = {2000},
  month = {April},
  pages = {514-520},
  location = {San Francisco, USA}
}

@InProceedings{Yim-Mechatronics02,
  author = {Mark Yim and Ying Zhang and Kimon Roufas and David Duff and Craig Eldershaw},
  title = {Connecting and Disconnecting for Self--Reconfiguration with PolyBot},
  booktitle = {IEEE/ASME Transaction on Mechatronics, special issue on Information Technology in Mechatronics},
  year = {2003}
}

---------------------------------
-------------CKBot---------------
---------------------------------
@InProceedings{Yim-IROS07,
  author = {M. Yim and B. Shirmohammadi and J. Sastra and M. Park and M. Dugan and C.J. Taylor},
  title = {Towards Robotic Self-reassembly After Explosion},
  booktitle = {Intelligent Robots and Systems},
  year = {2007},
  pages = {2767-2772},
  location = {San Diego, USA}
}

@Article{SastraYim-IJRR09,
  author = {Jimmy Sastra and Sachin Chitta and Mark Yim},
  title = {Dynamic Rolling for a Modular Loop Robot},
  journal = {International Journal of Robotics Research (IJRR)},
  volume = {28},
  number = {6},
  pages = {758-773},
  year = {2009}
}

---------------------------------

@Misc{DigitalClay,
  author =       {M. Yim and S. Homans},
  title =        {Digital Clay},
  url =          {www2.parc.com/spl/projects/modrobots/lattice/digitalclay/index.html},
  howpublished = {WebSite}
}


@InProceedings{Goldstein-06,   
  author = {Preethi Srinivas Bhat and James Kuffner and Seth Goldstein and Siddhartha Srinivasa},
  title = {Hierarchical Motion Planning for Self-reconfigurable Modular Robots},
  booktitle = {Intelligent Robots and Systems},
  year = {2006}
}

------------------------------------
------------Claytronics-------------
------------------------------------
@InProceedings{Goldstein-ASPLOS04,
  author = {Goldstein Seth Copen and Todd C. Mowry},
  title = {Claytronics: An Instance of Programmable Matter},
  booktitle = {Wild and Crazy Ideas Session of ASPLOS},
  venue = {Wild and Crazy Ideas Session of ASPLOS},
  year = {2004},
  month = {October},
  address = {Boston, MA}
}


@Article{Goldstein-Computer05,
  author = {S. C. Goldstein and J. Campbell and T. Mowry},
  title = {\href{http://dx.doi.org/10.1109/MC.2005.198}{Programmable Matter}},
  journal = {IEEE Computer},
  year = {2005},
  volume = {38},
  number = {6},
  pages = {99-101}
}

@InProceedings{Pillai-IROS06,
  author = {P. Pillai and J. Campbell and G. Kedia and S. Moudgal and K. Sheth},
  title = {\href{http://dx.doi.org/10.1109/IROS.2006.282264}{A 3D Fax Machine based on Claytronics}},
  booktitle = {Intelligent Robots and Systems},
  pages = {4728-4735},
  year = {2006}
}

@InProceedings{Kirby-IROS07,
  author = {B. T. Kirby and B. Aksak and J. D. Campbell and J. F. Hoburg and T. C. Mowry and P. Pillai and S. C. Goldstein},
  title = {\href{http://dx.doi.org/10.1109/IROS.2007.4399444}{A Modular Robotic System Using Magnetic Force Effectors}},
  booktitle = {Intelligent Robots and Systems},
  year = {2007},
  pages = {2787-2793}
}

@InProceedings{Karagozler-IROS09,
  author = {M. E. Karagozler and S. C. Goldstein and J. R. Reid},
  title = {\href{http://dx.doi.org/10.1109/IROS.2009.5354049}{Stress-driven MEMS Assembly + Electrostatic Forces = 1mm Diameter Robot}},
  booktitle = {Intelligent Robots and Systems},
  year = {2009},
  pages = {2763-2769}
}

@Article{Funiak-IJRR09,
  author = {S. Funiak and P. Pillai and M. P. Ashley-Rollman and J. D. Campbell and S. C. Goldstein},
  title = {\href{http://dx.doi.org/10.1177/0278364909339077}{Distributed Localization of Modular Robot Ensembles}},
  journal = {IJRR}, 
  volume = {28},
  number = {8},
  year = {2009}, 
  pages = {946-961}
}


--------------------------------
-----------Vertical-------------
--------------------------------
%month = {May},
 %booktitle = {IEEE International Conference on Robotics and Automation (ICRA)},


@InProceedings{Hosokawa-ICRA98,
  author = {Kazuo Hosokawa and Takehito Tsujimori and Teruo Fujii and Hayato Kaetsu and Hajime Asama and Yoji Kuroda and Isao Endo},
  title = {Self-Organizing Collective Robots with Morphogenesis in a Vertical Plane},
  booktitle = {International Conference on Robotics and Automation},
  year = {1998},
  
  pages = {2858-2683},
  location = {Leuven, Belgium}
}

--------------------------------
------------I-Cube--------------
--------------------------------
@InProceedings{Khosla-ICRA00,
  author = {Cem \"{U}nsal and Pradeep K. Khosla},
  title = {Mechatronic Design of a Modular Self-Reconfiguring Robotic System},
  booktitle = {IEEE International Conference on Robotics and Automation (ICRA)},
  year = {2000},
  month = {April},
  pages = {1742-1747},
  location = {San Francisco, USA}
}

@InProceedings{Khosla-ICRA02,
  author = {Konstantine C. Prevas and Chem \"{U}nsal and Mehmet \"{O}nder Efe and Pradeep K. Khosla},
  title = {A Hierarchical Motion Planning Strategy for a Uniform Self-Reconfigurable Modular Robotic System},
  booktitle = {IEEE International Conference on Robotics and Automation (ICRA)},
  year = {2002},
  month = {May},
  pages = {787-792},
  location = {Washington DC, USA}
}


-------------------------------
------------MTRAN--------------
-------------------------------
@Article{-TM02,
  author = {Satoshi Murata and Eiichi Yoshida and Akiya Kamimura and Haruhisa Kurokawa and Kohji Tomita and Shigeru Kokaji},
  title = {M-TRAN: Self-Reconfigurable Modular Robotic System},
  journal = {Trans. on Mechatronics},
  year = {2002},
  volume = {7},
  number = {4},
  month = {December},
  pages = {431-441}
}

@Article{Kamimura-TM05,
  author = {Akiya Kamimura and Haruhisa Kurokawa and Eiichi Yoshida and Satoshi Murata and Kohji Tomita and Shigeru Kokaji},
  title = {Automatic Locomotion Design and Experiments for a Modular Robotic System},
  journal = {Trans. on Mechatronics},
  year = {2005},
  volume = {10},
  number = {3},
  month = {June},
  pages = {314-325}
}

@InProceedings{Kurokawa-ICMA05,
  author = {Haruhisa Kurokawa and Kohji Tomita and Akiya Kamimura and Eiichi Yoshida and Shigeru Kokahji and Satoshi Murata},
  title = {Distributed Self-reconfiguration Control of Modular Robot M-TRAN},
  booktitle = {IEEE International Conference on Mechatronics and Automation},
  year = {2005},
  month = {July},
  pages = {254-259},
  location = {Niagra Falls, Canada}
}

@InProceedings{Murata-IROS06,
  author = {Satoshi Murata and Kiyoharu Kakomura and Haruhisa Kurokawa},
  title = {Docking Experiments of a Modular Robot by Visual Feedback},
  booktitle = {Intelligent Robots and Systems},
  year = {2006},
  month = {October},
  pages = {625-630},
  location = {Beijing, China}
}

@Article{Kurokawa-IJRR08,
  author = {Haruhisa Kurokawa and Kohji Tomita and Akiya Kamimura and Shigeru Kokaji and Takashi Hasuo and Satoshi Murata},
  title = {Distributed Self-Reconfiguration of M-TRAN III Modular Robotic Systems},
  journal = {International Journal of Robotics Research},
  year = {2008},
  volume = {27},
  number = {3-4},
  month = {March-April},
  pages = {373-386}
}

--------------------------------
-------------YaMoR--------------
--------------------------------
@InProceedings{Ijspeert-ICMA05,
  author = {Daniel Marbach and Auke Jan Ijspeert},
  title = {Online Optimization of Modular Robot Locomotion},
  booktitle = {IEEE International Conference on Mechatronics and Automation},
  year = {2005},
  month = {July},
  pages = {248-253},
  location = {Niagra Falls, Canada}
}

-------------------------------
------------ATRON--------------
-------------------------------
@InProceedings{Lund-CIRA03,
  author = {Esben Hallundb{\ae}k {\O}stergaard and Henrik Hautop Lund},
  title = {Evolving Control for Modular Robotic Units},
  booktitle = {IEEE International Symposium on Computational Intelligence in Robotics and Automation},
  year = {2003},
  month = {July},
  pages = {886-892},
  location = {Kobe, Japan}
}

@InProceedings{Lund-IROS04,
  author = {Morten Winkler J{\o}rgensen and Esben Hallundb{\ae}k {\O}stergaard and Henrik Hautop Lund},
  title = {Modular ATRON: Modules for a Self-reconfigurable Robot},
  booktitle = {Intelligent Robots and Systems},
  year = {2004},
  month = {September},
  pages = {2068-2073},
  location = {Sendal, Japan}
}

@InProceedings{Stoy-ICRA06,
  author = {David Johan Christensen and Kasper Stoy},
  title = {Select a Meta-Module to Shape-Change the ATRON Self-Reconfigurable Robot},
  booktitle = {International Conference on Robotics and Automation},
  year = {2006},
  month = {May},
  pages = {2532-2538},
  location = {Orlando, USA}
}

@InProceedings{Christensen-IROS07,
  author = {David Brandt and David Johan Christensen},
  title = {A New Meta-Module for Controlling Large Sheets of ATRON Modules},
  booktitle = {Intelligent Robots and Systems},
  year = {2007},
  month = {October},
  pages = {2375-2380},
  location = {San Diego}
}

--------------------------------
------------Superbot------------
--------------------------------
@InProceedings{Shen-IROS06,
  author = {Behnam Salemi and Mark Moll and Wei-Min Shen},
  title = {SUPERBOT: A Deployable, Multi-Functional, and Modular Self-Reconfigurable Robotic System},
  booktitle = {Intelligent Robots and Systems},
  year = {2006},
  month = {October},
  pages = {3636-3641},
  location = {Beijing, China}
}

-------------------------------
----------Other Shen-----------
-------------------------------
@InProceedings{Shen-IROS10,
  author = {Michael Rubenstein and Wei-Min Shen},
  title = {\href{http://dx.doi.org/10.1109/IROS.2010.5650906}{Automatic Scalable Size Selection for the Shape of a Distributed Robotic Collective}},
  booktitle = {Intelligent Robots and Systems},
  year = {2010},
  month = {Oct},
  pages = {508-513},
  location = {Taipei, Taiwan}
}

--------------------------------
-------------Conro--------------
--------------------------------
@InProceedings{Castano-IROS00,
  author = {A. Castano and P. Will},
  title = {Mechanical Design of a Module for Reconfigurable Robots},
  booktitle = {Intelligent Robots and Systems},
  year = {2000},
  pages = {2203-2209}
}

@InProceedings{Shen-IROS01,
  author = {Wei-Min Shen and Peter Will},
  title = {Docking in Self-Reconfigurable Robots},
  booktitle = {Intelligent Robots and Systems},
  year = {2001},
  month = {October},
  pages = {1049-1054},
  location = {Maui, USA}
}

@Article{Castano-TM02,
  author = {Andres Castano and Alberto Behar and Peter Will},
  title = {The Conro Modules for Reconfigurable Robots},
  journal = {Trans. on Mechatronics},
  pages = {403-409},
  year = {2002},
  volume = {7},
  number = {4},
  month = {December}
}

---------------------------------
-----------Molecube--------------
---------------------------------
@Article{Zykov-TR07,
  author = {Victor Zykov and Efstathios Mytilinaios and Mark Desnoyer and Hod Lipson},
  title = {Evolved and Designed Self-Reproducing Modular Robotics},
  journal = {Trans. on Robotics},
  year = {2007},
  month = {April},
  volume = {23},
  number = {2},
  pages = {308-319}
}

---------------------------------
@InProceedings{Murata-ICRA94,
  author = {Satoshi Murata and Haruhisa Kurokawa and Shigeru Kokaji},
  title = {Self-Assembling Machine},
  booktitle = {IEEE International Conference on Robotics and Automation (ICRA)},
  year = {1994},
  month = {},
  pages = {441-448},
  location = {}
}

@InProceedings{Yoshida-IROS97, 
  author = {Eiichi Yoshida and Satoshi Murata and Kohji Tomita and Haruhisa Kurokawa and Shigeru Kokaji},
  title = {Distributed Formation Control for a Modular Mechanical System},
  booktitle = {Intelligent Robots and Systems},
  year = {1997},
  month = {},
  pages = {1090-1097},
  location = {}
}

@InProceedings{Kurokawa-IROS98,
  author = {Haruhisa Kurokawa and Satoshi Murata and Eiichi Yoshida and Kohji Tomita and Shigeru Kokaji},
  title = {A 3-D Self-Reconfigurable Structure and Experiments},
  booktitle = {Intelligent Robots and Systems},
  year = {1998},
  month = {October},
  pages = {860-865},
  location = {Victoria, Canada}
}

------------------------------------------
----------------Uni-Rover-----------------
------------------------------------------
@InProceedings{Kawakami-SICE02,
  author = {Atsushi Kawakami and akinori Torii and Kazuhiro Motomura and Shigeo Hirose},
  title = {SMC Rover: Planetary Rover with Transformable Wheels},
  booktitle = {41st Annual Society of Instrument and Control Engineers Conference},
  year = {2002},
  month = {August},
  pages = {157-162}
}



-------------------------------------------
----------Sliding Lattice Systems----------
-------------------------------------------
@Article{Chirikjian-AR01,
  author = {C. Chiang and G. S. Chirikjian},
  title = {\href{http://dx.doi.org/10.1023/A:1026552720914}{Modular Robot Motion Planning Using Similarity Metrics}},
  journal = {Autonomous Robots},
  year = {2001},
  volume = {10},
  pages = {91-106}
}

@InProceedings{Koseki-DARS04,
  author = {Michihiko Koseki and Kengo Minami and Norio Inou},
  title = {Cellular Robots Forming a Mechanical Structure (Evaluation of structural formation and hardware design of ``CHOBIE II'')},
  booktitle = {Distributed Autonomous Robotic Systems},
  pages = {131-140},
  year = {2004},
  month = {June}
}

@InProceedings{An-ICRA08,
  author = {Byoung Kwon An},
  title = {Em-cube: Cube-shaped, Self-Reconfigurable Robots Sliding on Structure Surfaces},
  booktitle = {IEEE International Conference on Robotics and Automation (ICRA)},
  year = {2008},
  month = {May},
  pages = {3149-3155},
  location = {Pasadena, USA}
}

-----------------------------------

@Article{Yoshida-RAM02,
  author = {Eiichi Yoshida and Satoshi Murata and Shigeru Kokaji and Akiya Kamimura and Kohji Tomita and Haruhisa Kurokawa},
  title = {Get Back In Shape! A Hardware Prototype Self-Reconfigurable Modular Microrobot that Uses Shape Memory Alloy},
  journal = {Robotics and Automation Magazine},
  year = {2002},
  volume = {9},
  number = {4},
  pages = {54-60}
}

@Article{Yoshida-JRM01,
  author = {Eiichi Yoshida and Shigeru Kokaji and Satoshi Murata and Kohji Tomita and Haruhisa Kurokawa},
  title = {Micro Self-reconfigurable Robot using Shape Memory Alloy},
  journal = {Journal of Robotics and Mechatronics},
  year = {2001},
  volume = {13},
  number = {2},
  pages = {212-219}
}



------------------------------------
------Distributed Flight Array------
------------------------------------
@InProceedings{Oung-ICRA10,
  author = {Raymond Oung and Frederic Bourgault and Matthew Donovan and Raffaello D'Andrea},
  title = {The Distributed Flight Array},
  booktitle = {IEEE International Conference on Robotics and Automation (ICRA)},
  year = {2010},
  month = {May},
  pages = {},
  location = {Anchorage, USA}
}


----------------------------------
------------Planning--------------
----------------------------------
@InProceedings{FitchButler-ICRA07,
  author = {Robert Fitch and Zack Butler},
  title = {Scalable Locomotion for Large Self-Reconfiguring Robots},
  booktitle = {IEEE International Conference on Robotics and Automation},
  year = {2007},
  month = {April},
  pages = {2248-2253},
  location = {Rome, Italy}
}

@Article{FitchButler-IJRR08,
  author = {Robert Fitch and Zack Butler}, 
  title = {Million Module March: Scalable Locomotion for Large Self-Reconfiguring Robots},
  journal = {International Journal of Robotics Research},
  year = {2008},
  month = {March/April},
  volume = {27},
  number = {3-4}, 
  pages = {331-343}
}

-------------------------------------
----------Freeform Systems-----------
-------------------------------------
@Article{Donald-JMEMS06,
  author = {Bruce Donald and Christopher G. Levey and Craig D. McGray and Igor Paprotny and Daniela Rus},
  title = {An Untethered, Electrostatic, Globally Controllable MEMS Micro-Robot},
  journal = {Journal of Microelectromechanical Systems},
  year = {2006},
  month = {February},
  volume = {15},
  number = {1},
  pages = {1-15}
}

@Article{Donald-JMEMS08,
  author = {Bruce R. Donald and Christopher G. Levey and Igor Paprotny},
  title = {Planar Microassembly by Parallel Actuator of MEMS Microrobots},
  journal = {Journal of Microelectromechanical Systems},
  year = {2008},
  month = {August},
  volume = {17},
  number = {4},
  pages = {789-808}
}

-----------Slimebot------------
@InProceedings{Shimizu-IROS05,
  author = {Masahiro Shimizu and Akio Ishiguro and Toshihiro Kawakatsu},
  title = {A Modular Robot that Exploits a Spontaneous Connectivity Control Mechanism},
  booktitle = {Intelligent Robots and Systems},
  year = {2005},
  month = {August},
  pages = {1899-1904},
}

@InProceedings{Shimizu-IROS06,
  author = {Masahiro Shimizu and Takafumi Mori and Akio Ishiguro},
  title = {A Development of a Modular Robot that Enables Adaptive Reconfiguration},
  booktitle = {IEEE/RSJ International Conference on Intelligent Robots and Systems (IROS)},
  year = {2006},
  month = {October},
  pages = {174-179},
  location = {Beijing, China}
}


-----------------------------------
----------Self-Assembly------------
-----------------------------------
@Article{Whitesides-Science00,
  author = {David H. Garcias and Joe Tien and Tricia L. Breen and Carey Hsu and George M. Whitesides},
  title = {Forming Electrical Networks in Three Dimensions by Self-Assembly},
  journal = {Science},
  year = {2000},
  month = {August 18},
  volume = {289},
  number = {5482},
  pages = {1170-1172}
}

@Article{Whitesides-Science02,
  author =      {G. Whitesides and B. Grzybowski},
  title =       {Self-Assembly at All Scales},
  journal =     {Science},
  volume =      {295},
  month =       {March},
  pages =       {2418-21},
  year =        {2002}
}

@Article{Whitesides-PNAS02,
  author = {George M. Whitesides and Mila Boncheva},
  title = {Beyond molecules: Self-assembly of Mesoscope and Macroscopic Components},
  journal = {Proceedings of the National Academy of Sciences},
  year = {2002},
  month = {April 16},
  volume = {99},
  number = {8},
  pages = {4769-4774}
}


@InProceedings{Nagpal-AAMAS02,
  author = {R. Nagpal},
  title = {Programmable Self-Assembly Using Biologically-Inspired Multiagent Control},
  booktitle = {Autonomous Agents and Multiagent Systems},
  year = {2002}
}


@InProceedings{Bishop-IROS05,
  author = {J. Bishop and S. Burden and E. Klavins and R. Kreisberg and W. Malone and N. Napp and T. Nguyen},
  title = {\href{http://dx.doi.org/10.1109/IROS.2005.1545375}{Programmable Parts: A Demonstration of the Grammatical Approach to Self-Organization}},
  booktitle = {Intelligent Robots and Systems},
  year = {2005},
  month = {August},
  pages = {3684-3691}
}

@InProceedings{NappKlavins-ICRA06,
  author = {N. Napp and S. Burden and E. Klavins},
  title = {\href{http://dx.doi.org/10.1109/ROBOT.2006.1641916}{The Statistical Dynamics of Programmed Self-Assembly}},
  booktitle = {International Conference on Robotics and Automation},
  year = {2006},
  pages = {1469-1476},
}

@Article{Hosokawa-AL94,
  author = {K. Hosokawa and I. Shimoyama and H. Miura},
  title = {Dynamics of Self-assembling systems: Analogy with Chemical Kinematics},
  journal = {Artificial Life},
  volume = {1},
  number = {4},
  year = {1994},
  pages = {413-427}
}

@InProceedings{Shimizu-ICRA09,
  author = {Masahiro Shimizu and Kenji Suzuki},
  title = {A Self-repairing Structure for Modules and Its Control by Vibrating Actuation Mechanisms},
  booktitle = {IEEE International Conference on Robotics and Automation (ICRA)},
  year = {2009},
  month = {May},
  pages = {4281-4286},
  location = {Kobe, Japan}
}

@InProceedings{Miyashita-ICRA08,
  author = {Shuhei Miyashita and Marco Kessler and Max Lungarella},
  title = {How Morphology Affects Self-Assembly in a Stochastic Modular Robot},
  booktitle = {International Conference on Robotics and Automation},
  year = {2008},
  month = {May},
  pages = {3533-3538},
  location = {Pasadena, USA}
}

----------------------------------------
----------------Kilobot-----------------
----------------------------------------
@InProceedings{Rubenstein-HarvardTR11,
  author = {M. Rubenstein and N. Hoff and R. Nagpal},
  title = {Kilobot: A Low Cost Scalable Robot System for Collective Behaviors},
  booktitle = {Harvard University Technical Report TR-06-11},
  year = {2011},
  url = {ftp://ftp.deas.harvard.edu/techreports/tr-06-11.pdf}
}

@InProceedings{Rubenstein-ICRA12,
  author = {Mike Rubenstein and Christian Ahler and Radhika Nagpal},
  title = {Kilobot: A Low Cost Scalable Robot System for Collective Behaviors},
  booktitle = {International Conference on Robotics and Automation},
  year = {2012},
  month = {May},
  location = {Minneapolis, USA},
  pages = {In Press}
}


----------------------------------------
-------Deformable Lattice Systems-------
----------------------------------------
@InProceedings{Chirikjian-ICRA94,
  author = {Gregory S. Chirikjian},
  title = {Kinematics of a Metamorphic Robotic System},
  booktitle = {International Conference on Robotics and Automation},
  year = {1994},
  month = {May},
  pages = {449-455},
  location = {San Diego, USA}
}

@Article{Chirikjian-JRS96,
  author = {Gregory Chirikjian and Amit Pamecha and Imme Ebert-Uphoff},
  title = {Evaluating Efficiency of Self-Reconfiguration in a Class of Modular Robots},
  journal = {Journal of Robotic Systems},
  year = {1996},
  volume = {13},
  number = {5},
  pages = {317-388}
}

@Article{Pamecha-RA97,
  author =      {Amit Pamecha and I. Ebert-Uphoff and Gregory S. Chirikjian},
  title =       {Useful Metrics for Modular Robot Motion Planning},
  journal =     {Transactions on Robotics and Automation},
  year =        {1997},
  volume =      {13},
  number =      {4},
  pages =       {531-45}
}


@Article{Walter-TR05,
  author = {J. Walter and E. Tsai and N. Amato},
  title = {\href{http://dx.doi.org/10.1109/TRO.2004.842325}{Algorithms for Fast Concurrent Reconfiguration of Hexagonal Metamorphic Robots}},
  journal = {Trans. on Robotics},
  year = {2005},
  volume = {21},
  number = {4},
  pages = {621-631}
}

----------------Molecule----------------
@Article{Kotay-RAS99,
  author = {Keith Kotay and Daniela Rus},
  title = {Locomotion Versatility through Self-Reconfiguration},
  journal = {Robotics and Autonomous Systems},
  year = {1999},
  pages = {217-232},
  volume = {26},
  number = {2-3},
  doi = {10.1016/S0921-8890(98)00070-0}
}

@InProceedings{Kotay-ICRA98,
  author = {Keith Kotay and Daneila Rus and Marsette Vona and Craig McGray},
  title = {The Self-reconfiguring Robotic Molecule},
  booktitle = {IEEE International Conference on Robotics and Automation (ICRA)},
  year = {1998},
  month = {},
  pages = {424-431},
  location = {Leuven, Belgium}
}

@InProceedings{Kotay-IROS98,
  author = {Keith Kotay and Daniela Rus},
  title = {Motion Synthesis for the Self-reconfiguring Robotic Molecule},
  booktitle = {IEEE International Conference on Intelligent Robots and Systems},
  year = {1998},
  month = {October}, 
  pages = {843-851},
  location = {Victoria, Canada}
}

@InProceedings{Kotay-IROS00,
  author = {Keith Kotay and Daniela Rus},
  title = {Algorithms for Self-reconfiguring Molecule Motion Planning},
  booktitle = {IEEE/RSJ International Conference on Intelligent Robots and Systems (IROS)},
  year = {2000},
  month = {October},
  pages = {},
  location = {Takamatsu, Japan}
}

----------------Crystal-----------------
@InProceedings{Vona-IROS00,
  author = {Daniela Rus and Marsette Vona},
  title = {A Basis for Self-reconfiguring Robots using Crystal Modules},
  booktitle = {IEEE/RSJ International Conference on Intelligent Robots and Systems (IROS)},
  year = {2000},
  month = {October},
  pages = {2194-2202},
  location = {Takamatsu, Japan}
}

@Article{Vona-IJRR03,
  author = {Daniela Rus and Marsette Vona},
  title = {Crystalline Robots: Self-reconfiguration with Compressible Unit Modules},
  journal = {International Journal of Robotics Research},
  year = {2003},
  volume = {22},
  number = {9},
  pages = {699-715}
}

---------------Telecubes----------------
@InProceedings{Suh-ICRA02,
  author = {John W. Suh and Samuel B. Homans and Mark Yim},
  title = {Telecubes: Mechanical Design of a Module for Self-Reconfigurable Robotics},
  booktitle = {International Conference on Robotics and Automation},
  year = {2002},
  month = {May},
  pages = {4095-4101},
  location = {Washington DC, USA}
}


-----------------------------
------------Miche------------
-----------------------------
@Misc{Gilpin-Thesis06,
  title = {Distributed Algorithms for Self Dissasembly for Modular Robots},
  author = {Kyle Gilpin},
  month = {June},
  year = {2006},
  howpublished = {M.Eng. and S.B. Thesis},
  link = {http://hdl.handle.net/1721.1/37572}  
}

@InProceedings{Gilpin-ICRA07,
  author = {K. Gilpin and K. Kotay and D. Rus},
  title = {Miche: Modular Shape Formation by Self-Disassembly},
  booktitle = {International Conference on Robotics and Automation},
  pages = {2241-2247},
  year = {2007},
  month = {April},
  location = {Rome, Italy}
}

@Article{Gilpin-IJRR08,
  author = {K. Gilpin and K. Kotay and D. Rus and I. Vasilescu},
  title = {\href{http://dx.doi.org/10.1177/0278364907085557}{Miche: Modular Shape Formation by Self-Disassembly}},
  journal = {IJRR},
  year = {2008},
  volume = {27},
  pages = {345-372}
}


-------------------------------
-----------Pebbles-------------
-------------------------------
@PhDThesis{Gilpin-PhD12,
  author = {Kyle W. Gilpin},
  title = {Shape Formation by Self-Disassembly in Programmable Matter Systems},
  school = {MIT},
  year = {2012},
  howpublished = {Ph.D. Thesis},
}


@InProceedings{Gilpin-ICRA12,
  author = {Kyle Gilpin and Daniela Rus},
  title = {A Distributed Algorithm for 2D Shape Formation with Smart Pebble Robots},
  booktitle = {International Conference on Robotics and Automation},
  year = {2012},
  location = {Minneapolis, USA},
  pages = {3285-3292}
}

@InProceedings{Gilpin-ICRA11,
  author = {Kyle Gilpin and Kent Koyanagi and Daniela Rus},
  title = {Making Self-Disassemblign Objects with Multiple Components in the Robot Pebbles System},
  booktitle = {International Conference on Robotics and Automation},
  year = {2011},
  month = {May},
  pages = {3614-3621}
}

@Article{Gilpin-RAM10,
  author = {Kyle Gilpin and Daniela Rus},
  title = {Modular Robot Systems: From Self-Assembly to Self-Disassembly},
  journal = {Robotics and Automation Magazine},
  year = {2010},
  month = {September},
  volume = {17},
  number = {3},
  pages = {38-53}
}

@InProceedings{Gilpin-ICRA10,
  author = {K. Gilpin and A. Knaian and D. Rus},
  title = {\href{http://dx.doi.org/10.1109/ROBOT.2010.5509817}{Robot Pebbles: One Centimeter Robotic Modules for Programmable Matter through Self-Disassembly}},
  booktitle = {International Conference on Robotics and Automation},
  year = {2010},
  month = {May},
  pages = {2485-2492},
  location = {Anchorage, AK}
}


-------------------------------

@Book{CLRS,
  author = {Thomas Cormen and Charles Leiserson and Ronald Rivest and Clifford Stein},
  title = {Introduction to Algorithms},
  publisher = {MIT Press},
  year = {2001},
  Taddress = {Cambridge, MA},
  pages = {531-547},
  edition = {Second}
}


@Book{Lynch-DA96,
  author = {Nancy A. Lynch},
  title = {Distributed Algorithms},
  year = {1996},
  publisher = {Morgan Kaufmann}
}


-------------------------------------
-------------EP Magnets--------------
-------------------------------------
@Patent{Pignataro-USPTO01,
  author = {Dominic F. Pignataro},
  title = {Electrically switchable magnet system},
  nationality = {United States},
  number = {6,229,422},
  yearfiled = {1999},
  year = {2001}
}


@Article{Knaian-Magnetics09,
  author = {Ara Knaian and Neil Gershenfeld and Daniela Rus},
  title = {Switchable Electropermanent Magnets: Design, Modeling, and Fabrication},
  year = {2010},
  journal = {In preparation}
}

-------------------------------------
----------- Truss Systems -----------
-------------------------------------
@InProceedings{Sanderson-ICRA95,
  author = {Gregory J. Hamlin and A. C. Sanderson},
  title = {Tetrobot: A Modular System for Hyper-Redundant Parallel Robotics},
  booktitle = {IEEE International Conference on Robotics and Automation (ICRA)},
  pages = {154-159},
  year = {1995},
  month = {May},
  location = {Nagoya, Japan}
}

@InProceedings{YuNagpal-IROS08,
  author = {Chih-Han Yu and Kristina Haller and Donald Ingber and Radhika Nagpal},
  title = {Morpho: A Self-deformable Modular Robot Inspired by Cellar Structure},
  booktitle = {IEEE International Conference on Intelligent Robots and Systems (IROS)},
  pages = {3571-3578},
  year = {2008},
  month = {September},
  location = {Nice, France}
}

@InProceedings{LyderStoy-IROS08,
  author = {Andreas Lyder and Ricardo Franco Mendoza Garcia and Kasper Stoy},
  title = {Mechanical Design of Odin, an Extendable Heterogeneous Deformable Modular Robot},
  booktitle = {IEEE International Conference on Intelligent Robots and Systems (IROS)},
  pages = {883-888},
  year = {2008},
  month = {September},
  location = {Nice, France}
}

@InProceedings{LyderStoy-IROS09,
  author = {Andreas Lyder and Henrik Gordon Peterson and Kasper Stoy},
  title = {Representation and Shape Estimation of Odin, a Parallel Under-actuated Modular Robot},
  booktitle = {IEEE International Conference on Intelligent Robots and Systems (IROS)},
  pages = {5275-5280},
  year = {2009},
  month = {October}
}
 
@InProceedings{Amend-UbiComp09,
  author = {John Amend, Jr. and Hod Lipson},
  title = {Shape-Shifting Materials for Programmable Structures},
  booktitle = {International Conference on Ubiquitous Computing: Workshop on Architectural Robotics},
  year = {2009},
  month = {September}
}

-----------------------------------
-----------Tile Systems------------
-----------------------------------
@InProceedings{Rothemund-STOC00,
  author = {Paul W. K. Rothemund and Erik Winfree},
  title = {The Program-Size Complexity of Self-Assembled Squares},
  booktitle = {32rd Annual ACM Symposium on Theory of Computing},
  year = {2000},
  pages = {459-468},
  location = {Portland, USA}
}

@InProceedings{Adleman-STOC01,
  author = {Leonard Adleman and Qi Cheng and Ashish Goel and Ming-Deh Huang},
  title = {Running Time and Program Size for Self-assembled Squares},
  booktitle = {33rd Annual ACM Symposium on Theory of Computing},
  year = {2001},
  pages = {740-748},
  location = {New York, USA}
}

@InProceedings{Aggarwal-SODA04,
  author = {Gagan Aggarwal and Michael H. Goldwasser and Ming-Yang Kao and Robert T. Schweller},
  title = {Complexities for Generalized Models of Self-Assembly},
  booktitle = {15th Annual ACM-SIAM Symposium on Discrete Algorithms},
  year = {2004},
  pages = {880-889},
  location = {Philadelphia, USA}
}


-----------------------------------
-----------------------------------
-----------------------------------
@InProceedings{Jones-ICRA03,
  author = {Chris Jones and Maja J. Matari\'c},
  title = {\href{http://dx.doi.org/10.1109/ROBOT.2003.1241679}{From Local to Global Behavior in Intelligent Self-Assembly}},
  booktitle = {IEEE International Conference on Robotics and Automation (ICRA)},
  year = {2003},
  pages = {721-726},
  location = {Taipei, Taiwan}
}

@InProceedings{Kelly-IROS06,
  author = {Jonathan Kelly and Hong Zhang},
  title = {Combinatorial Optimization of Sensing for Rule-Based Planar Distributed Assembly},
  booktitle = {IEEE International Conference on Intelligent Robots and Systems},
  year = {2006},
  pages = {3728-3734},
  location = {Beijing, China}
}

@phdthesis{Werfel-PhDThesis06,
  author = {Justin Werfel},
  title = {Anthills Built to Order: Automating Construction with Artificial Swarms},
  school = {Massachusetts Institute of Technology},
  year = {2006}
}

-------------------------------------------------------------
-------------------------------------------------------------
-------------------------Simulators--------------------------
-------------------------------------------------------------
-------------------------------------------------------------


@InProceedings{Christensen-IROS08,
  author = {David Christensen and David Brandt and Kasper Stoy and Ulrik Pagh Schultz},
  title = {A Unified Simulator for Self-Reconfigurable Robots},
  booktitle = {Intelligent Robots and Systems},
  year = {2008},
  month = {September},
  pages = {870-876}
}


-----------------------------------
--------------DPRSim---------------
-----------------------------------
@InProceedings{Rister-ICRA07,
  author = {Benjamin D. Rister and Jason Campbell and Padmanabhan Pillai and Todd C. Mowry},
  title = {Integrated Debugging of Large Modular Robot Ensembles},
  booktitle = {International Conference on Robotics and Automation},
  year = {2007},
  month = {April},
  pages = {2227-2234}
}

@Misc{DPRSim,
  author =       {DPRSim},
  url =          {http://www.pittsburgh.intel-research.net/dprweb/}
}

@InProceedings{Ashley-Rollman-ICRA11,
  author = {Michael Ashley-Rollman and Padmanabhan Pillai and Michelle Goodstein},
  title = {Simulating Multi-Million-Robot Ensembles},
  booktitle = {International Conference on Robotics and Automation},
  year = {2011},
  month = {May},
  pages = {in press}
}


---------------------------------------
-------Off-the-Shelf Simulators--------
---------------------------------------
@Article{Jackson-RAM07,
  author = {J. Jackson},
  title = {Microsoft Robotics Studio: A Technical Introduction},
  journal = {Robotics and Automation Magazine},
  year = {2007},
  volume = {14},
  number = {4},
  pages = {82-87}
}

@Misc{MSRobotStudio,
  title = {Microsoft Robotics Developer Studio},
  url = {http://www.microsoft.com/robotics/}
}

@Misc{Webots,
  title = {Cyberbotics--Webots},
  url = {http://www.cyberbotics.com/overview}
}

@InProceedings{Gerkey-ICAR03,
  author = {B. Gerkey and R. Vaughan and A. Howard},
  title = {The Player/Stage Project: Tools for Multi-Robot and Distributed Sensor Systems},
  booktitle = {Intl. Conf. on Advanced Robotics},
  year = {2003},
  month = {June}
}

@Misc{PlayerProject,
  title = {Player Project},
  url = {\url{http://playerstage.sourceforge.net/}}
}


-------------------------------------------
-----Architecture-Specific Simulators------
-------------------------------------------
@InProceedings{Chen-SIIntl09,
  author = {Ian Chen and Bruce MacDonald and Burkhard Wunsche and Geoffrey Biggs and Tetsuo Kotoku},
  title = {A Simulation Environment for OpenRTM-aist},
  booktitle = {SI International},
  year = {2009},
  pages = {113-117}
}

@InProceedings{Kurokawa-IECON00,
  author = {Haruhisa Kurokawa and Kohji Tomita and Eiichi Yoshida and Satoshi Murata and Shigeru Kokaji},
  title = {Motion Simulation of a Modular Robotic System},
  booktitle = {IECON},
  year = {2000},
  pages = {2473-2478}
}

----------------------------------
--------Physics Simulators--------
----------------------------------
@Misc{ODE,
  title = {Open Dynamics Engine},
  year = {2010},
  howpublished = {\url{http://www.ode.org/}}
}

@Misc{PhysX,
  title = {PhysX},
  howpublished = {\url{http://developer.nvidia.com/object/physx.html}}
}

-----------------------------------
----------Routing------------------
-----------------------------------
@Article{Lumelski-TAC86,
  author = {V. J. Lumelski and A. A. Stepanov},
  title = {Dynamic Path Planning for a Mobile Automaton with Limited Information on the Environment},
  journal = {Trans. on Automatic Control},
  volume = {31}, 
  number = {11},
  year = {1986}, 
  pages = {1058-1063}
}

@Article{Ng-JIRS07,
  author = {James Ng and Thomas Braunl},
  title = {Performance Comparison of Bug Navigation Algorithms},
  journal = {Journal of Intelligent Robot Systems},
  volume = {50},
  pages = {73-84},
  year = {2007}
}

@InProceedings{Kutulakos-ICRA93,
  author = {Kiriakos N. Kutulakos and Vladimir J. Lumelski and Charles R. Dyer},
  title = {Vision-Guided Exploration: A Step Towards General Motion Planning in Three Dimensions},
  booktitle = {International Conference on Robotics and Automation},
  year = {1993},
  pages = {289-296}
}

@InProceedings{Kamon-ICRA99,
  author = {Ishay Kamon and Elon Rimon and Ehud Rivlin},
  title = {Range-Sensor Based Navigation in Three Dimensions},
  booktitle = {International Conference on Robotics and Automation},
  year = {1999},
  pages = {163-169}
}

@Article{Bresenham-IBM65,
  author = {Jack E. Bresenham},
  title = {Algorithm for Computer Control of a Digital Plotter},
  journal = {IBM Systems Journal}, 
  volume = {4},
  number = {1},
  year = {1965}, 
  pages = {25-30}
}

@InProceedings{Leong-NSDI06,
  author = {B. Leong and B. Liskov and R. Morris},
  title = {\href{http://static.usenix.org/events/nsdi06/tech/leong.html}{Geographic Routing without Planarization}},
  booktitle = {Networked Systems Design and Implementation},
  year = {2006}
}

@InProceedings{Zhou-SenSys10,
  author = {Jiangwei Zhou and Yu Chen and Ben Leong and Pratibha Sundar Sundaramoorthy},
  title = {Practical 3D geographic routing for wireless sensor networks},
  booktitle = {Proceedings of the 8th ACM Conference on Embedded Networked Sensor Systems},
  series = {SenSys '10},
  year = {2010},
  isbn = {978-1-4503-0344-6},
  location = {Z\ürich, Switzerland},
  pages = {337--350},
  numpages = {14},
  url = {http://doi.acm.org/10.1145/1869983.1870016},
  publisher = {ACM},
  address = {New York, NY, USA},
  keywords = {3D geographic routing, GDSTR, sensor networks},
} 


-----------------------------------
-----------Miscellaneous-----------
-----------------------------------
@Misc{magswitch,
  author =       {Magswitch},
  url =          {http://www.magswitch.com.au/},
  howpublished = {WebSite}
}

@Book{Barbapapa,
  author = {Annette Tison and Talus Tayor},
  title = {Barbapapa},
  year = {1970},
  publisher = {Xerox Education Publications},
  location = {Middletown, CT USA}
}

@Book{Transformers,
  author = {Bill Mantlo and Bob Budiansky and Jim Shooter and Michael Higgins and Ralph Macchio and Bill Sienkiewicz and Frank Springer and Kim DeMulder and Nel Yomtov and Rick Parker},
  title = {The Transformers},
  year = {1984},
  publisher = {Marvel Comics}
}

@Misc{Terminator2,
  author = {James Cameron and Wisher Jr., William},
  title = {Terminator 2: Judgment Day},
  year = {1991}
}

@Misc{Startrek,
  author = {Ira Sreven Behr and Robert Hewitt Wolfe and Ronald D. Moore},
  title = {Star Trek: Deep Space Nine},
  year = {1994},
  note = {Episode 47 \& 48: The Search}
}


---------------------------------------------
------------Uncharacterized------------------
---------------------------------------------
@InProceedings{WhiteYim-ICRA10,
  author = {P. J. White and M. L. Posner and M. Yim},
  title = {\href{http://dx.doi.org/10.1109/ROBOT.2010.5509657}{Strength Analysis of Miniature Folded Right Angle Tetrahedron Chain Programmable Matter}},
  booktitle = {International Conference on Robotics and Automation},
  year = {2010},
  pages = {2785-2790}
}  

@InProceedings{MacLennan-NANO02,
  author = {B. J. MacLennan},
  title = {\href{http://dx.doi.org/10.1109/NANO.2002.1032276}{Universally Programmable Intelligent Matter Summary}},
  booktitle = {IEEE NANO},
  year = {2002},
  pages = {405-408}
}




@Article{WhiteYim-IJRR10,
  author = {Paul J. White and Mark Yim},
  title = {Reliable External Actuation for Full Reachability in Robotic Modular Self-reconfiguration},
  journal = {International Journal of Robotics Research (IJRR)},
  volume = {29},
  number = {5},
  pages = {598-612},
  month = {April},
  year = {2010}
}

%  booktitle = {IEEE/RSJ International Conference on Intelligent Robots and Systems},

@InProceedings{Suzuki-IROS07,
  author = {Yosuke Suzuki and Norio Inou and Hitoshi Kimura and Michihiko Koseki},
  title = {Reconfigurable Group Robots Adaptively Transforming a Mechanical Structure},
  booktitle = {Intelligent Robots and Systems},
  year = {2008},
  pages = {877-882}
}

@InProceedings{Meng-ICRA11,
  author={Yan Meng and Yuyang Zhang and Abhay Sampath and Yaochu Jin and Bernhard Sendhoff},
  title={Cross-Ball: A new morphogenetic self-reconfigurable modular robot},  
  booktitle={IEEE International Conference on Robotics and Automation (ICRA)},
  year={2011},
  month={May},
  pages={267-272},
  doi={10.1109/ICRA.2011.5979973},
  ISSN={1050-4729}
}

% booktitle={IEEE International Conference on Robotics and Automation (ICRA)}, 
%month={May},
@InProceedings{KutzerChirikjian-ICRA10,
  author={Michael D.M. Kutzer and Mathew S. Moses and Christopher Y. Brown and David H. Scheidt and Gregory S. Chirikjian and Mehran Armand},
  title={Design of a New Independently-Mobile Reconfigurable Modular Robot},
  booktitle={International Conference on Robotics and Automation}, 
  year={2010},
  pages={2758-2764},
  doi={10.1109/ROBOT.2010.5509726},
  ISSN={1050-4729}
}

@InProceedings{WolfeChirikjian-ICRA12,
  author={Kevin C. Wolfe and Matthew S. Moses and Michael D.M. Kutzer and Gregory S. Chirikjian},
  title={$M^{3}$Express: A Low-Cost Independently-Mobile Reconfigurable Modular Robot},
  booktitle={International Conference on Robotics and Automation}, 
  year={2012},
  month={May},
  pages={2704-2710},
  doi={10.1109/ICRA.2012.6224971},
  ISSN={1050-4729}
}


@Article{TolleyLipson-IJRR11,
  author = {Michael T Tolley and Hod Lipson},
  title = {On-line Assembly Planning for Stochastically Reconfigurable Systems},
  journal = {International Journal of Robotics Research (IJRR)},
  volume = {30},
  number = {13},
  pages = {1566-1584},
  month = {October},
  year = {2011}
}

@InProceedings{FitchRus-IROS03,
  author = {Robert Fitch and Zach Butler and Daniela Rus},
  title = {Reconfiguration Planning for Heterogenous Self-Reconfiguring Robots},
  booktitle = {Intelligent Robots and Systems},
  year = {2003},
  pages = {2460-2467}
}

@InProceedings{Sacristan-EuroCG2013,
  author = {Ferran Hurtado and Enrique Molina and Suneeta Ramaswami and Vera Sacristan},
  title = {Distributed universal reconfiguration of 2D lattice-based modular robots},
  booktitle = {29th European Workshop on Computational Geometry},
  year = {2013},
  month = {March}, 
  pages = {139-142}
}
